@article{bao2020detecting,
  title={Detecting accounting fraud in publicly traded US firms using a machine learning approach},
  author={Bao, Yang and Ke, Bin and Li, Bin and Yu, Y Julia and Zhang, Jie},
  journal={Journal of Accounting Research},
  volume={58},
  number={1},
  pages={199--235},
  year={2020},
  doi = {10.1111/1475-679X.12292},
  publisher={Wiley Online Library}
}

@article{pan2024machine,
  title={Machine Learning in Financial Transaction Fraud Detection and Prevention},
  author={Pan, Eryu},
  journal={Transactions on Economics, Business and Management Research},
  volume={5},
  pages={243--249},
  year={2024}
}

@article{seera2024intelligent,
  title={An intelligent payment card fraud detection system},
  author={Seera, Manjeevan and Lim, Chee Peng and Kumar, Ajay and Dhamotharan, Lalitha and Tan, Kim Hua},
  journal={Annals of operations research},
  volume={334},
  number={1},
  pages={445--467},
  year={2024},
  publisher={Springer}
}

@article{jesus2022turning,
  title={Turning the tables: Biased, imbalanced, dynamic tabular datasets for ml evaluation},
  author={Jesus, S{\'e}rgio and Pombal, Jos{\'e} and Alves, Duarte and Cruz, Andr{\'e} and Saleiro, Pedro and Ribeiro, Rita and Gama, Jo{\~a}o and Bizarro, Pedro},
  journal={Advances in Neural Information Processing Systems},
  volume={35},
  pages={33563--33575},
  year={2022}
}

@article{pombal2022understanding,
  title={Understanding Unfairness in Fraud Detection through Model and Data Bias Interactions},
  author={Pombal, Jos{\'e} and Cruz, Andr{\'e} F and Bravo, Jo{\~a}o and Saleiro, Pedro and Figueiredo, M{\'a}rio AT and Bizarro, Pedro},
  journal={arXiv preprint arXiv:2207.06273},
  year={2022}
}

@article{chawla2002smote,
  title={SMOTE: synthetic minority over-sampling technique},
  author={Chawla, Nitesh V and Bowyer, Kevin W and Hall, Lawrence O and Kegelmeyer, W Philip},
  journal={Journal of artificial intelligence research},
  volume={16},
  pages={321--357},
  year={2002}
}

@book{barocas2023fairness,
  title={Fairness and machine learning: Limitations and opportunities},
  author={Barocas, Solon and Hardt, Moritz and Narayanan, Arvind},
  year={2023},
  publisher={MIT press}
}

@article{mehrabi2021survey,
  title={A survey on bias and fairness in machine learning},
  author={Mehrabi, Ninareh and Morstatter, Fred and Saxena, Nripsuta and Lerman, Kristina and Galstyan, Aram},
  journal={ACM computing surveys (CSUR)},
  volume={54},
  number={6},
  pages={1--35},
  year={2021},
  publisher={ACM New York, NY, USA}
}

@article{corbett2023measure,
  title={The measure and mismeasure of fairness},
  author={Corbett-Davies, Sam and Gaebler, Johann D and Nilforoshan, Hamed and Shroff, Ravi and Goel, Sharad},
  journal={The Journal of Machine Learning Research},
  volume={24},
  number={1},
  pages={14730--14846},
  year={2023},
  publisher={JMLRORG}
}

@inproceedings{he2008adasyn,
  title={ADASYN: Adaptive synthetic sampling approach for imbalanced learning},
  author={He, Haibo and Bai, Yang and Garcia, Edwardo A and Li, Shutao},
  booktitle={2008 IEEE international joint conference on neural networks (IEEE world congress on computational intelligence)},
  pages={1322--1328},
  year={2008},
  organization={Ieee},
  doi = {10.1109/IJCNN.2008.4633969}
}

@article{xu2019modeling,
  title={Modeling tabular data using conditional gan},
  author={Xu, Lei and Skoularidou, Maria and Cuesta-Infante, Alfredo and Veeramachaneni, Kalyan},
  journal={Advances in neural information processing systems},
  volume={32},
  year={2019}
}

@article{dwork2016calibrating,
  title={Calibrating noise to sensitivity in private data analysis},
  author={Dwork, Cynthia and McSherry, Frank and Nissim, Kobbi and Smith, Adam},
  journal={Journal of Privacy and Confidentiality},
  volume={7},
  number={3},
  pages={17--51},
  year={2016}
}

@article{kamiran2012data,
  title={Data preprocessing techniques for classification without discrimination},
  author={Kamiran, Faisal and Calders, Toon},
  journal={Knowledge and information systems},
  volume={33},
  number={1},
  pages={1--33},
  year={2012},
  publisher={Springer},
  doi = {10.1007/s10115-011-0463-8}
}

@article{caton2024fairness,
  title={Fairness in machine learning: A survey},
  author={Caton, Simon and Haas, Christian},
  journal={ACM Computing Surveys},
  volume={56},
  number={7},
  pages={1--38},
  year={2024},
  publisher={ACM New York, NY},
  doi = {10.1145/3616865}
}

@article{hardt2016equality,
  title={Equality of opportunity in supervised learning},
  author={Hardt, Moritz and Price, Eric and Srebro, Nati},
  journal={Advances in neural information processing systems},
  volume={29},
  year={2016}
}

@article{hashemi2022fraud,
  title={Fraud detection in banking data by machine learning techniques},
  author={Hashemi, Seyedeh Khadijeh and Mirtaheri, Seyedeh Leili and Greco, Sergio},
  journal={IEEE Access},
  volume={11},
  pages={3034--3043},
  year={2022},
  publisher={IEEE}
}

@article{chaudhary2012review,
  title={A review of fraud detection techniques: Credit card},
  author={Chaudhary, Khyati and Yadav, Jyoti and Mallick, Bhawna},
  journal={International Journal of Computer Applications},
  volume={45},
  number={1},
  pages={39--44},
  year={2012},
  publisher={International Journal of Computer Applications, 244 5 th Avenue,\# 1526, New~â€¦}
}

@inproceedings{john2016realtime,
  title={Realtime fraud detection in the banking sector using data mining techniques/algorithm},
  author={John, Samuel Ndueso and Anele, C and Kennedy, O Okokpujie and Olajide, Funminiyi and Kennedy, Chinyere Grace},
  booktitle={2016 international conference on computational science and computational intelligence (CSCI)},
  pages={1186--1191},
  year={2016},
  organization={IEEE}
}

@article{bakhtiari2023credit,
  title={Credit card fraud detection using ensemble data mining methods},
  author={Bakhtiari, Saeid and Nasiri, Zahra and Vahidi, Javad},
  journal={Multimedia Tools and Applications},
  volume={82},
  number={19},
  pages={29057--29075},
  year={2023},
  publisher={Springer}
}

@article{prabowo2016learning,
  title={Learning fraud detection from big data in online banking transactions: A systematic literature review},
  author={Prabowo, Harjanto and others},
  journal={Journal of Telecommunication, Electronic and Computer Engineering (JTEC)},
  volume={8},
  number={3},
  pages={127--131},
  year={2016}
}

@article{wei2013effective,
  title={Effective detection of sophisticated online banking fraud on extremely imbalanced data},
  author={Wei, Wei and Li, Jinjiu and Cao, Longbing and Ou, Yuming and Chen, Jiahang},
  journal={World Wide Web},
  volume={16},
  pages={449--475},
  year={2013},
  publisher={Springer}
}

@inproceedings{el2017fraud,
  title={Fraud detection in banking using deep reinforcement learning},
  author={El Bouchti, Abdelali and Chakroun, Ahmed and Abbar, Hassan and Okar, Chafik},
  booktitle={2017 Seventh International Conference on Innovative Computing Technology (INTECH)},
  pages={58--63},
  year={2017},
  organization={IEEE}
}

@article{vashistha2024robust,
  title={A Robust Framework for fraud Detection in Banking using ML and NN},
  author={Vashistha, Astha and Tiwari, Anoop Kumar and Singh, Priyanshi and Yadav, Paritosh Kumar and Pandey, Sudhakar},
  journal={Proceedings of the National Academy of Sciences, India Section A: Physical Sciences},
  volume={94},
  number={2},
  pages={201--212},
  year={2024},
  publisher={Springer}
}

@article{tekkali2023rdqn,
  title={RDQN: ensemble of deep neural network with reinforcement learning in classification based on rough set theory for digital transactional fraud detection},
  author={Tekkali, Chandana Gouri and Natarajan, Karthika},
  journal={Complex \& Intelligent Systems},
  volume={9},
  number={5},
  pages={5313--5332},
  year={2023},
  publisher={Springer}
}

@article{gandhar2024fraud,
  title={Fraud Detection Using Machine Learning and Deep Learning},
  author={Gandhar, Akash and Gupta, Kapil and Pandey, Aman Kumar and Raj, Dharm},
  journal={SN Computer Science},
  volume={5},
  number={5},
  pages={1--10},
  year={2024},
  publisher={Springer}
}

@book{molnar2020interpretable,
  title={Interpretable machine learning},
  author={Molnar, Christoph},
  year={2020},
  publisher={Lulu. com}
}

@article{du2019techniques,
  title={Techniques for interpretable machine learning},
  author={Du, Mengnan and Liu, Ninghao and Hu, Xia},
  journal={Communications of the ACM},
  volume={63},
  number={1},
  pages={68--77},
  year={2019},
  publisher={ACM New York, NY, USA}
}

@article{murdoch2019definitions,
  title={Definitions, methods, and applications in interpretable machine learning},
  author={Murdoch, W James and Singh, Chandan and Kumbier, Karl and Abbasi-Asl, Reza and Yu, Bin},
  journal={Proceedings of the National Academy of Sciences},
  volume={116},
  number={44},
  pages={22071--22080},
  year={2019},
  publisher={National Acad Sciences}
}

@inproceedings{gilpin2018explaining,
  author={Gilpin, Leilani H. and Bau, David and Yuan, Ben Z. and Bajwa, Ayesha and Specter, Michael and Kagal, Lalana},
  booktitle={2018 IEEE 5th International Conference on Data Science and Advanced Analytics (DSAA)}, 
  title={Explaining Explanations: An Overview of Interpretability of Machine Learning}, 
  year={2018},
  pages={80-89},
  keywords={Artificial intelligence;Computational modeling;Decision trees;Biological neural networks;Taxonomy;Complexity theory;Machine learning theories;Models and systems;Deep learning and deep analytics;Fairness and transparency in data science},
  organization={IEEE},
  doi={10.1109/DSAA.2018.00018}
}

@article{cooper2024between,
  title={Between Randomness and Arbitrariness: Some Lessons for Reliable Machine Learning at Scale},
  author={Cooper, A Feder},
  journal={arXiv preprint arXiv:2406.09548},
  year={2024}
}